<?xml version="1.0" encoding="UTF-8"?><collection xmlns="http://www.loc.gov/MARC21/slim"><record><leader>00319nam--2200133-i-4500</leader><controlfield tag="001">000027350</controlfield><controlfield tag="002">20161230</controlfield><controlfield tag="005">20161230201036</controlfield><controlfield tag="008">060222s1000------------r-----000-0-eng-d</controlfield><datafield ind1=" " ind2=" " tag="100"><subfield code="a">Herrmann, G</subfield></datafield><datafield ind1=" " ind2=" " tag="245"><subfield code="a">Wagener, s</subfield></datafield><datafield ind1=" " ind2=" " tag="260"><subfield code="a">Die Oxydkathode</subfield></datafield><datafield ind1=" " ind2=" " tag="490"><subfield code="a">Leipzig, Johann Ambrosius Bart, 1944. 254p</subfield></datafield><datafield ind1=" " ind2=" " tag="852"><subfield code="a">537.583</subfield></datafield></record></collection>